[gd_scene load_steps=14 format=2]

[sub_resource type="VisualShaderNodeScalarFunc" id=1]
function = 14

[sub_resource type="VisualShaderNodeVectorOp" id=2]

[sub_resource type="VisualShaderNodeScalarOp" id=3]
default_input_values = [ 0, 0.0, 1, 1.99999 ]
operator = 4

[sub_resource type="VisualShaderNodeScalarUniform" id=4]
uniform_name = "ScalarUniform"

[sub_resource type="VisualShaderNodeColorConstant" id=5]

[sub_resource type="VisualShaderNodeInput" id=6]
input_name = "fragcoord"

[sub_resource type="VisualShaderNodeVectorOp" id=7]
operator = 2

[sub_resource type="VisualShaderNodeVectorFunc" id=8]

[sub_resource type="VisualShaderNodeScalarFunc" id=9]
function = 14

[sub_resource type="VisualShaderNodeVectorDecompose" id=10]

[sub_resource type="VisualShader" id=11]
code = "shader_type canvas_item;
uniform float ScalarUniform;



void vertex() {
// Output:0

}

void fragment() {
// Input:4
	vec3 n_out4p0;
	n_out4p0 = FRAGCOORD.xyz;

// ScalarUniform:14
	float n_out14p0;
	n_out14p0 = ScalarUniform;

// VectorOp:5
	vec3 n_out5p0;
	n_out5p0 = n_out4p0 * vec3(n_out14p0);

// VectorDecompose:9
	float n_out9p0;
	float n_out9p1;
	float n_out9p2;
	n_out9p0 = n_out5p0.x;
	n_out9p1 = n_out5p0.y;
	n_out9p2 = n_out5p0.z;

// ScalarFunc:8
	float n_out8p0;
	n_out8p0 = floor(n_out9p0);

// ScalarFunc:11
	float n_out11p0;
	n_out11p0 = floor(n_out9p1);

// VectorOp:12
	vec3 n_out12p0;
	n_out12p0 = vec3(n_out8p0) + vec3(n_out11p0);

// ScalarOp:13
	float n_in13p1 = 1.99999;
	float n_out13p0;
	n_out13p0 = mod( dot(n_out12p0,vec3(0.333333,0.333333,0.333333)) , n_in13p1 );

// Color:3
	vec3 n_out3p0;
	float n_out3p1;
	n_out3p0 = vec3(1.000000,1.000000,1.000000);
	n_out3p1 = 1.000000;

// Output:0
	COLOR.rgb = vec3(n_out13p0);
	COLOR.a = n_out3p1;

}

void light() {
// Output:0

}
"
graph_offset = Vector2( -677, 152 )
mode = 1
flags/light_only = false
nodes/fragment/0/position = Vector2( 740, 300 )
nodes/fragment/3/node = SubResource( 5 )
nodes/fragment/3/position = Vector2( 460, 460 )
nodes/fragment/4/node = SubResource( 6 )
nodes/fragment/4/position = Vector2( -540, 200 )
nodes/fragment/5/node = SubResource( 7 )
nodes/fragment/5/position = Vector2( -300, 200 )
nodes/fragment/7/node = SubResource( 8 )
nodes/fragment/7/position = Vector2( 40, 180 )
nodes/fragment/8/node = SubResource( 9 )
nodes/fragment/8/position = Vector2( 100, 240 )
nodes/fragment/9/node = SubResource( 10 )
nodes/fragment/9/position = Vector2( -140, 260 )
nodes/fragment/11/node = SubResource( 1 )
nodes/fragment/11/position = Vector2( 100, 320 )
nodes/fragment/12/node = SubResource( 2 )
nodes/fragment/12/position = Vector2( 320, 200 )
nodes/fragment/13/node = SubResource( 3 )
nodes/fragment/13/position = Vector2( 560, 180 )
nodes/fragment/14/node = SubResource( 4 )
nodes/fragment/14/position = Vector2( -520, 360 )
nodes/fragment/connections = PoolIntArray( 4, 0, 5, 0, 3, 1, 0, 1, 5, 0, 7, 0, 5, 0, 9, 0, 9, 0, 8, 0, 9, 1, 11, 0, 13, 0, 0, 0, 12, 0, 13, 0, 8, 0, 12, 0, 11, 0, 12, 1, 14, 0, 5, 1 )

[sub_resource type="ShaderMaterial" id=12]
shader = SubResource( 11 )
shader_param/ScalarUniform = 1.0

[sub_resource type="Animation" id=13]
resource_name = "New Anim"
length = 3.0
tracks/0/type = "bezier"
tracks/0/path = NodePath("TextureRect:material:shader_param/ScalarUniform")
tracks/0/interp = 1
tracks/0/loop_wrap = true
tracks/0/imported = false
tracks/0/enabled = true
tracks/0/keys = {
"points": PoolRealArray( 0.01, -0.25, 0, 0.25, 0, 1, -0.274864, -0.966093, 0.25, 0 ),
"times": PoolRealArray( 0, 3 )
}

[node name="Control" type="Control"]
anchor_right = 1.0
anchor_bottom = 1.0

[node name="TextureRect" type="ColorRect" parent="."]
material = SubResource( 12 )
anchor_right = 1.0
anchor_bottom = 1.0
margin_left = 2.10529
margin_top = -1.05261
margin_right = 2.10522
margin_bottom = -1.05261

[node name="ColorRect" type="ColorRect" parent="TextureRect"]
margin_left = 46.9473
margin_top = 59.2105
margin_right = 213.947
margin_bottom = 172.211
color = Color( 0.733333, 0.733333, 0.733333, 1 )

[node name="ColorRect2" type="ColorRect" parent="TextureRect"]
margin_left = 729.053
margin_top = 53.9473
margin_right = 896.053
margin_bottom = 166.947
color = Color( 0.501961, 0.501961, 0.501961, 1 )

[node name="AnimationPlayer" type="AnimationPlayer" parent="."]
"anims/New Anim" = SubResource( 13 )
