[gd_scene load_steps=36 format=2]

[ext_resource path="res://what is srgb/pixel_white.png" type="Texture" id=1]
[ext_resource path="res://common/control_scaler.gd" type="Script" id=2]
[ext_resource path="res://what is srgb/zoom to pixels_anim.tres" type="Animation" id=3]
[ext_resource path="res://common/animation_bindings.gd" type="Script" id=4]
[ext_resource path="res://common/bindings.tscn" type="PackedScene" id=5]
[ext_resource path="res://common/movement2D.gd" type="Script" id=6]
[ext_resource path="res://what is srgb/pixels_to_bits_material.tres" type="Shader" id=7]
[ext_resource path="res://what is srgb/pixel.png" type="Texture" id=8]

[sub_resource type="ShaderMaterial" id=1]
shader = ExtResource( 7 )
shader_param/PixelSize = Vector3( 16, 16, 0 )
shader_param/grayscale = 0.0
shader_param/bits = 256
shader_param/ShadesToBars = 0.0
shader_param/fad2 = 0.0
shader_param/cookie = ExtResource( 8 )

[sub_resource type="ShaderMaterial" id=2]
shader = ExtResource( 7 )
shader_param/PixelSize = Vector3( 1, 1, 0 )
shader_param/grayscale = 0.0
shader_param/bits = 256
shader_param/ShadesToBars = 0.0
shader_param/fad2 = 0.0
shader_param/cookie = ExtResource( 8 )

[sub_resource type="ShaderMaterial" id=3]
shader = ExtResource( 7 )
shader_param/PixelSize = Vector3( 16, 16, 0 )
shader_param/grayscale = 0.0
shader_param/bits = 256
shader_param/ShadesToBars = 0.0
shader_param/fad2 = 1.0
shader_param/cookie = ExtResource( 8 )

[sub_resource type="ShaderMaterial" id=4]
shader = ExtResource( 7 )
shader_param/PixelSize = Vector3( 1, 1, 0 )
shader_param/grayscale = 0.0
shader_param/bits = 256
shader_param/ShadesToBars = 0.0
shader_param/fad2 = 1.0
shader_param/cookie = ExtResource( 8 )

[sub_resource type="ShaderMaterial" id=5]
shader = ExtResource( 7 )
shader_param/PixelSize = Vector3( 16, 16, 0 )
shader_param/grayscale = 0.0
shader_param/bits = 256
shader_param/ShadesToBars = 1.0
shader_param/fad2 = 1.0
shader_param/cookie = ExtResource( 8 )

[sub_resource type="ShaderMaterial" id=6]
shader = ExtResource( 7 )
shader_param/PixelSize = Vector3( 1, 1, 0 )
shader_param/grayscale = 0.0
shader_param/bits = 256
shader_param/ShadesToBars = 1.0
shader_param/fad2 = 1.0
shader_param/cookie = ExtResource( 8 )

[sub_resource type="ShaderMaterial" id=7]
shader = ExtResource( 7 )
shader_param/PixelSize = Vector3( 256, 256, 256 )
shader_param/grayscale = 0.0
shader_param/bits = 256
shader_param/ShadesToBars = 0.0
shader_param/fad2 = 0.0
shader_param/cookie = ExtResource( 8 )

[sub_resource type="ShaderMaterial" id=8]
shader = ExtResource( 7 )
shader_param/PixelSize = Vector3( 4, 4, 0 )
shader_param/grayscale = 1.0
shader_param/bits = 256
shader_param/ShadesToBars = 0.0
shader_param/fad2 = 1.0
shader_param/cookie = ExtResource( 1 )

[sub_resource type="ShaderMaterial" id=9]
shader = ExtResource( 7 )
shader_param/PixelSize = Vector3( 1, 1, 0 )
shader_param/grayscale = 1.0
shader_param/bits = 256
shader_param/ShadesToBars = 1.0
shader_param/fad2 = 1.0
shader_param/cookie = ExtResource( 1 )

[sub_resource type="ShaderMaterial" id=10]
shader = ExtResource( 7 )
shader_param/PixelSize = Vector3( 4, 4, 0 )
shader_param/grayscale = 0.0
shader_param/bits = 256
shader_param/ShadesToBars = 0.0
shader_param/fad2 = 0.0
shader_param/cookie = ExtResource( 8 )

[sub_resource type="ShaderMaterial" id=11]
shader = ExtResource( 7 )
shader_param/PixelSize = Vector3( 4, 4, 0 )
shader_param/grayscale = 0.0
shader_param/bits = 256
shader_param/ShadesToBars = 0.0
shader_param/fad2 = 1.0
shader_param/cookie = ExtResource( 8 )

[sub_resource type="ShaderMaterial" id=12]
shader = ExtResource( 7 )
shader_param/PixelSize = Vector3( 1, 1, 0 )
shader_param/grayscale = 0.0
shader_param/bits = 256
shader_param/ShadesToBars = 1.0
shader_param/fad2 = 1.0
shader_param/cookie = ExtResource( 8 )

[sub_resource type="ShaderMaterial" id=13]
shader = ExtResource( 7 )
shader_param/PixelSize = Vector3( 4, 4, 0 )
shader_param/grayscale = 1.0
shader_param/bits = 8.0
shader_param/ShadesToBars = 0.0
shader_param/fad2 = 1.0
shader_param/cookie = ExtResource( 1 )

[sub_resource type="ShaderMaterial" id=14]
shader = ExtResource( 7 )
shader_param/PixelSize = Vector3( 1, 1, 0 )
shader_param/grayscale = 1.0
shader_param/bits = 8.0
shader_param/ShadesToBars = 1.0
shader_param/fad2 = 1.0
shader_param/cookie = ExtResource( 1 )

[sub_resource type="ShaderMaterial" id=15]
shader = ExtResource( 7 )
shader_param/PixelSize = Vector3( 4, 4, 0 )
shader_param/grayscale = 0.0
shader_param/bits = 8.0
shader_param/ShadesToBars = 0.0
shader_param/fad2 = 0.0
shader_param/cookie = ExtResource( 8 )

[sub_resource type="ShaderMaterial" id=16]
shader = ExtResource( 7 )
shader_param/PixelSize = Vector3( 4, 4, 0 )
shader_param/grayscale = 0.0
shader_param/bits = 8.0
shader_param/ShadesToBars = 0.0
shader_param/fad2 = 1.0
shader_param/cookie = ExtResource( 8 )

[sub_resource type="ShaderMaterial" id=17]
shader = ExtResource( 7 )
shader_param/PixelSize = Vector3( 1, 1, 0 )
shader_param/grayscale = 0.0
shader_param/bits = 8.0
shader_param/ShadesToBars = 1.0
shader_param/fad2 = 1.0
shader_param/cookie = ExtResource( 8 )

[sub_resource type="ShaderMaterial" id=18]
shader = ExtResource( 7 )
shader_param/PixelSize = Vector3( 4, 4, 0 )
shader_param/grayscale = 0.0
shader_param/bits = 4
shader_param/ShadesToBars = 0.0
shader_param/fad2 = 0.0
shader_param/cookie = ExtResource( 8 )

[sub_resource type="ShaderMaterial" id=19]
shader = ExtResource( 7 )
shader_param/PixelSize = Vector3( 4, 4, 0 )
shader_param/grayscale = 0.0
shader_param/bits = 4
shader_param/ShadesToBars = 0.0
shader_param/fad2 = 1.0
shader_param/cookie = ExtResource( 8 )

[sub_resource type="ShaderMaterial" id=20]
shader = ExtResource( 7 )
shader_param/PixelSize = Vector3( 1, 1, 0 )
shader_param/grayscale = 0.0
shader_param/bits = 4
shader_param/ShadesToBars = 1.0
shader_param/fad2 = 1.0
shader_param/cookie = ExtResource( 8 )

[sub_resource type="ShaderMaterial" id=21]
shader = ExtResource( 7 )
shader_param/PixelSize = Vector3( 4, 4, 0 )
shader_param/grayscale = 1.0
shader_param/bits = 4
shader_param/ShadesToBars = 0.0
shader_param/fad2 = 1.0
shader_param/cookie = ExtResource( 1 )

[sub_resource type="ShaderMaterial" id=22]
shader = ExtResource( 7 )
shader_param/PixelSize = Vector3( 1, 1, 0 )
shader_param/grayscale = 1.0
shader_param/bits = 4
shader_param/ShadesToBars = 1.0
shader_param/fad2 = 1.0
shader_param/cookie = ExtResource( 1 )

[sub_resource type="ShaderMaterial" id=23]
shader = ExtResource( 7 )
shader_param/PixelSize = Vector3( 4, 4, 0 )
shader_param/grayscale = 0.0
shader_param/bits = 2
shader_param/ShadesToBars = 0.0
shader_param/fad2 = 0.0
shader_param/cookie = ExtResource( 8 )

[sub_resource type="ShaderMaterial" id=24]
shader = ExtResource( 7 )
shader_param/PixelSize = Vector3( 4, 4, 0 )
shader_param/grayscale = 0.0
shader_param/bits = 2
shader_param/ShadesToBars = 0.0
shader_param/fad2 = 1.0
shader_param/cookie = ExtResource( 8 )

[sub_resource type="ShaderMaterial" id=25]
shader = ExtResource( 7 )
shader_param/PixelSize = Vector3( 1, 1, 0 )
shader_param/grayscale = 0.0
shader_param/bits = 2
shader_param/ShadesToBars = 1.0
shader_param/fad2 = 1.0
shader_param/cookie = ExtResource( 8 )

[sub_resource type="ShaderMaterial" id=26]
shader = ExtResource( 7 )
shader_param/PixelSize = Vector3( 4, 4, 0 )
shader_param/grayscale = 1.0
shader_param/bits = 2
shader_param/ShadesToBars = 0.0
shader_param/fad2 = 1.0
shader_param/cookie = ExtResource( 1 )

[sub_resource type="ShaderMaterial" id=27]
shader = ExtResource( 7 )
shader_param/PixelSize = Vector3( 1, 1, 0 )
shader_param/grayscale = 1.0
shader_param/bits = 2
shader_param/ShadesToBars = 1.0
shader_param/fad2 = 1.0
shader_param/cookie = ExtResource( 1 )

[node name="Node2D" type="Node2D"]
script = ExtResource( 2 )

[node name="ColorRect" type="ColorRect" parent="."]
margin_left = -1232.0
margin_top = -960.0
margin_right = 2282.0
margin_bottom = 1196.0
color = Color( 0, 0, 0, 1 )
__meta__ = {
"_edit_use_anchors_": false
}

[node name="AnimationPlayer" type="AnimationPlayer" parent="."]
autoplay = "New Anim"
"anims/New Anim" = ExtResource( 3 )
script = ExtResource( 4 )

[node name="bindings" parent="." instance=ExtResource( 5 )]

[node name="Container3" type="ColorRect" parent="."]
margin_left = -960.0
margin_top = -540.0
margin_right = 960.0
margin_bottom = 540.0
rect_pivot_offset = Vector2( 128, 448 )
color = Color( 0.12549, 0.12549, 0.12549, 1 )
__meta__ = {
"_edit_use_anchors_": false
}

[node name="x2flat" type="ColorRect" parent="Container3"]
visible = false
material = SubResource( 1 )
anchor_top = 0.5
anchor_bottom = 0.5
margin_left = 272.0
margin_top = -408.0
margin_right = 528.0
margin_bottom = -152.0
__meta__ = {
"_edit_use_anchors_": false
}

[node name="x3flat" type="ColorRect" parent="Container3"]
visible = false
material = SubResource( 2 )
anchor_top = 0.5
anchor_bottom = 0.5
margin_left = 544.0
margin_top = -408.0
margin_right = 800.0
margin_bottom = -152.0
__meta__ = {
"_edit_use_anchors_": false
}

[node name="x2shade" type="ColorRect" parent="Container3"]
visible = false
material = SubResource( 3 )
anchor_top = 0.5
anchor_bottom = 0.5
margin_left = 272.0
margin_top = -136.0
margin_right = 528.0
margin_bottom = 120.0
__meta__ = {
"_edit_use_anchors_": false
}

[node name="x3shade" type="ColorRect" parent="Container3"]
visible = false
material = SubResource( 4 )
anchor_top = 0.5
anchor_bottom = 0.5
margin_left = 544.0
margin_top = -136.0
margin_right = 800.0
margin_bottom = 120.0
__meta__ = {
"_edit_use_anchors_": false
}

[node name="x2bar" type="ColorRect" parent="Container3"]
visible = false
material = SubResource( 5 )
anchor_top = 0.5
anchor_bottom = 0.5
margin_left = 272.0
margin_top = 136.0
margin_right = 528.0
margin_bottom = 392.0
__meta__ = {
"_edit_use_anchors_": false
}

[node name="x3bar" type="ColorRect" parent="Container3"]
visible = false
material = SubResource( 6 )
anchor_top = 0.5
anchor_bottom = 0.5
margin_left = 544.0
margin_top = 136.0
margin_right = 800.0
margin_bottom = 392.0
__meta__ = {
"_edit_use_anchors_": false
}

[node name="x1" type="ColorRect" parent="Container3"]
material = SubResource( 7 )
margin_left = 80.0
margin_top = 220.0
margin_right = 480.0
margin_bottom = 620.0
__meta__ = {
"_edit_use_anchors_": false
}

[node name="x2shade2" type="ColorRect" parent="Container3"]
material = SubResource( 8 )
margin_left = 1020.0
margin_top = 860.0
margin_right = 1180.0
margin_bottom = 1020.0
__meta__ = {
"_edit_use_anchors_": false
}

[node name="x3bar2" type="ColorRect" parent="Container3"]
material = SubResource( 9 )
margin_left = 800.0
margin_top = 860.0
margin_right = 960.0
margin_bottom = 1020.0
__meta__ = {
"_edit_use_anchors_": false
}

[node name="x2flat2" type="ColorRect" parent="Container3"]
material = SubResource( 10 )
margin_left = 1240.0
margin_top = 860.0
margin_right = 1400.0
margin_bottom = 1020.0
__meta__ = {
"_edit_use_anchors_": false
}

[node name="x2shade3" type="ColorRect" parent="Container3"]
material = SubResource( 11 )
margin_left = 1460.0
margin_top = 860.0
margin_right = 1620.0
margin_bottom = 1020.0
__meta__ = {
"_edit_use_anchors_": false
}

[node name="x3bar3" type="ColorRect" parent="Container3"]
material = SubResource( 12 )
margin_left = 1680.0
margin_top = 860.0
margin_right = 1840.0
margin_bottom = 1020.0
__meta__ = {
"_edit_use_anchors_": false
}

[node name="x2shade4" type="ColorRect" parent="Container3"]
material = SubResource( 13 )
margin_left = 1020.0
margin_top = 640.0
margin_right = 1180.0
margin_bottom = 800.0
__meta__ = {
"_edit_use_anchors_": false
}

[node name="x3bar4" type="ColorRect" parent="Container3"]
material = SubResource( 14 )
margin_left = 800.0
margin_top = 640.0
margin_right = 960.0
margin_bottom = 800.0
__meta__ = {
"_edit_use_anchors_": false
}

[node name="x2flat3" type="ColorRect" parent="Container3"]
material = SubResource( 15 )
margin_left = 1240.0
margin_top = 640.0
margin_right = 1400.0
margin_bottom = 800.0
__meta__ = {
"_edit_use_anchors_": false
}

[node name="x2shade5" type="ColorRect" parent="Container3"]
material = SubResource( 16 )
margin_left = 1460.0
margin_top = 640.0
margin_right = 1620.0
margin_bottom = 800.0
__meta__ = {
"_edit_use_anchors_": false
}

[node name="x3bar5" type="ColorRect" parent="Container3"]
material = SubResource( 17 )
margin_left = 1680.0
margin_top = 640.0
margin_right = 1840.0
margin_bottom = 800.0
__meta__ = {
"_edit_use_anchors_": false
}

[node name="x2flat4" type="ColorRect" parent="Container3"]
material = SubResource( 18 )
margin_left = 1240.0
margin_top = 420.0
margin_right = 1400.0
margin_bottom = 580.0
__meta__ = {
"_edit_use_anchors_": false
}

[node name="x2shade6" type="ColorRect" parent="Container3"]
material = SubResource( 19 )
margin_left = 1460.0
margin_top = 420.0
margin_right = 1620.0
margin_bottom = 580.0
__meta__ = {
"_edit_use_anchors_": false
}

[node name="x3bar6" type="ColorRect" parent="Container3"]
material = SubResource( 20 )
margin_left = 1680.0
margin_top = 420.0
margin_right = 1840.0
margin_bottom = 580.0
__meta__ = {
"_edit_use_anchors_": false
}

[node name="x2shade7" type="ColorRect" parent="Container3"]
material = SubResource( 21 )
margin_left = 1020.0
margin_top = 420.0
margin_right = 1180.0
margin_bottom = 580.0
__meta__ = {
"_edit_use_anchors_": false
}

[node name="x3bar7" type="ColorRect" parent="Container3"]
material = SubResource( 22 )
margin_left = 800.0
margin_top = 420.0
margin_right = 960.0
margin_bottom = 580.0
__meta__ = {
"_edit_use_anchors_": false
}

[node name="x2flat5" type="ColorRect" parent="Container3"]
material = SubResource( 23 )
margin_left = 1240.0
margin_top = 200.0
margin_right = 1400.0
margin_bottom = 360.0
__meta__ = {
"_edit_use_anchors_": false
}

[node name="x2shade8" type="ColorRect" parent="Container3"]
material = SubResource( 24 )
margin_left = 1460.0
margin_top = 200.0
margin_right = 1620.0
margin_bottom = 360.0
__meta__ = {
"_edit_use_anchors_": false
}

[node name="x3bar8" type="ColorRect" parent="Container3"]
material = SubResource( 25 )
margin_left = 1680.0
margin_top = 200.0
margin_right = 1840.0
margin_bottom = 360.0
__meta__ = {
"_edit_use_anchors_": false
}

[node name="x2shade9" type="ColorRect" parent="Container3"]
material = SubResource( 26 )
margin_left = 1020.0
margin_top = 200.0
margin_right = 1180.0
margin_bottom = 360.0
__meta__ = {
"_edit_use_anchors_": false
}

[node name="x3bar9" type="ColorRect" parent="Container3"]
material = SubResource( 27 )
margin_left = 800.0
margin_top = 200.0
margin_right = 960.0
margin_bottom = 360.0
__meta__ = {
"_edit_use_anchors_": false
}

[node name="Camera2D" type="Camera2D" parent="."]
current = true
script = ExtResource( 6 )
speed = Vector2( 1000, 1 )
