[gd_scene load_steps=63 format=2]

[ext_resource path="res://what is srgb/gradient_d.png" type="Texture" id=1]
[ext_resource path="res://common/bindings.tscn" type="PackedScene" id=2]
[ext_resource path="res://common/movement2D.gd" type="Script" id=3]

[sub_resource type="VisualShaderNodeVectorOp" id=1]
output_port_for_preview = 0
operator = 1

[sub_resource type="VisualShaderNodeScalarConstant" id=2]
constant = 0.3

[sub_resource type="VisualShaderNodeVectorOp" id=3]
output_port_for_preview = 0
operator = 2

[sub_resource type="VisualShaderNodeVectorFunc" id=4]
output_port_for_preview = 0
function = 20

[sub_resource type="VisualShaderNodeScalarConstant" id=5]
constant = 1e+06

[sub_resource type="VisualShaderNodeVectorDecompose" id=6]
output_port_for_preview = 1

[sub_resource type="VisualShaderNodeScalarOp" id=7]
default_input_values = [ 0, 0.0, 1, 0.5 ]

[sub_resource type="VisualShaderNodeScalarFunc" id=8]
function = 18

[sub_resource type="VisualShaderNodeInput" id=9]
output_port_for_preview = 0
input_name = "uv"

[sub_resource type="VisualShaderNodeVectorOp" id=10]
operator = 1

[sub_resource type="VisualShaderNodeScalarConstant" id=11]
constant = 1.0

[sub_resource type="VisualShaderNodeVectorOp" id=12]
operator = 2

[sub_resource type="VisualShaderNodeScalarConstant" id=13]
constant = 1.5

[sub_resource type="VisualShaderNodeVectorDecompose" id=14]

[sub_resource type="VisualShaderNodeScalarUniform" id=15]
uniform_name = "contrast"

[sub_resource type="VisualShaderNodeScalarOp" id=16]

[sub_resource type="VisualShaderNodeVectorFunc" id=17]
function = 6

[sub_resource type="VisualShaderNodeVectorOp" id=18]
operator = 1

[sub_resource type="VisualShaderNodeScalarConstant" id=19]
constant = 1.0

[sub_resource type="VisualShaderNodeVectorOp" id=20]
operator = 2

[sub_resource type="VisualShaderNodeVectorOp" id=21]
output_port_for_preview = 0
operator = 5

[sub_resource type="VisualShaderNodeScalarConstant" id=22]
constant = 0.454

[sub_resource type="VisualShaderNodeVectorDecompose" id=23]
output_port_for_preview = 1

[sub_resource type="VisualShaderNodeVectorInterp" id=24]

[sub_resource type="VisualShaderNodeScalarConstant" id=25]
constant = 1.0

[sub_resource type="VisualShaderNodeScalarSmoothStep" id=26]
output_port_for_preview = 0
default_input_values = [ 0, 0.05, 1, 0.95, 2, 0.0 ]

[sub_resource type="VisualShaderNodeScalarInterp" id=27]

[sub_resource type="VisualShaderNodeScalarOp" id=28]

[sub_resource type="VisualShaderNodeScalarOp" id=29]
default_input_values = [ 0, 0.0, 1, 0.454545 ]
operator = 5

[sub_resource type="VisualShaderNodeScalarOp" id=30]
default_input_values = [ 0, 0.0, 1, 10.0 ]
operator = 2

[sub_resource type="VisualShaderNodeScalarOp" id=31]
default_input_values = [ 0, 1.0, 1, 1.0 ]
operator = 3

[sub_resource type="VisualShaderNodeScalarSmoothStep" id=32]
default_input_values = [ 0, 0.0, 1, 0.05, 2, 0.0 ]

[sub_resource type="VisualShaderNodeInput" id=33]
input_name = "uv"

[sub_resource type="VisualShaderNodeVectorDecompose" id=34]

[sub_resource type="VisualShaderNodeScalarSmoothStep" id=35]
default_input_values = [ 0, 1.0, 1, 0.95, 2, 0.0 ]

[sub_resource type="VisualShaderNodeScalarOp" id=36]
operator = 2

[sub_resource type="VisualShaderNodeScalarInterp" id=37]
default_input_values = [ 0, 2.0, 1, 2.5, 2, 0.5 ]

[sub_resource type="VisualShaderNodeScalarInterp" id=38]
default_input_values = [ 0, 1.0, 1, 1.0, 2, 0.5 ]

[sub_resource type="VisualShaderNodeScalarSmoothStep" id=39]
default_input_values = [ 0, 0.9, 1, 0.0, 2, 0.0 ]

[sub_resource type="VisualShaderNodeScalarUniform" id=40]
uniform_name = "contrast2"

[sub_resource type="VisualShaderNodeScalarOp" id=41]
operator = 2

[sub_resource type="VisualShaderNodeScalarSmoothStep" id=42]

[sub_resource type="VisualShaderNodeScalarOp" id=43]

[sub_resource type="VisualShaderNodeScalarUniform" id=44]
uniform_name = "reveal"

[sub_resource type="VisualShaderNodeScalarUniform" id=45]
uniform_name = "reveal2"

[sub_resource type="VisualShaderNodeScalarOp" id=46]

[sub_resource type="VisualShaderNodeScalarOp" id=47]

[sub_resource type="VisualShaderNodeScalarOp" id=48]
default_input_values = [ 0, 1.0, 1, 0.0 ]
operator = 1

[sub_resource type="VisualShaderNodeScalarOp" id=49]
default_input_values = [ 0, 0.0, 1, 0.2 ]
operator = 2

[sub_resource type="VisualShaderNodeScalarSmoothStep" id=50]
default_input_values = [ 0, 0.0, 1, 1.0, 2, 0.0 ]

[sub_resource type="VisualShaderNodeScalarUniform" id=51]
uniform_name = "straight_border"

[sub_resource type="VisualShaderNodeScalarOp" id=52]

[sub_resource type="VisualShaderNodeScalarOp" id=53]
default_input_values = [ 0, 1.0, 1, 0.0 ]
operator = 1

[sub_resource type="VisualShaderNodeScalarUniform" id=54]
uniform_name = "subdivs"

[sub_resource type="VisualShaderNodeScalarOp" id=55]

[sub_resource type="VisualShaderNodeScalarConstant" id=56]
constant = 4.0

[sub_resource type="VisualShader" id=57]
code = "shader_type canvas_item;
uniform float straight_border;
uniform float contrast;
uniform float contrast2;
uniform float subdivs;
uniform float reveal;
uniform float reveal2;



void vertex() {
// Output:0

}

void fragment() {
// Input:2
	vec3 n_out2p0;
	n_out2p0 = vec3(UV,0.0);

// VectorDecompose:35
	float n_out35p0;
	float n_out35p1;
	float n_out35p2;
	n_out35p0 = n_out2p0.x;
	n_out35p1 = n_out2p0.y;
	n_out35p2 = n_out2p0.z;

// Scalar:37
	float n_out37p0;
	n_out37p0 = 1.000000;

// Scalar:34
	float n_out34p0;
	n_out34p0 = 0.454000;

// ScalarUniform:65
	float n_out65p0;
	n_out65p0 = straight_border;

// ScalarOp:66
	float n_in66p0 = 0.00000;
	float n_out66p0;
	n_out66p0 = n_in66p0 + n_out65p0;

// ScalarOp:67
	float n_in67p0 = 1.00000;
	float n_out67p0;
	n_out67p0 = n_in67p0 - n_out65p0;

// ScalarSmoothStep:38
	float n_out38p0;
	n_out38p0 = smoothstep( n_out66p0, n_out67p0, n_out35p1 );

// ScalarSmoothStep:64
	float n_in64p0 = 0.00000;
	float n_in64p1 = 1.00000;
	float n_out64p0;
	n_out64p0 = smoothstep( n_in64p0, n_in64p1, n_out38p0 );

// VectorMix:36
	vec3 n_out36p0;
	n_out36p0 = mix( vec3(n_out37p0) , vec3(n_out34p0) , vec3(n_out64p0) );

// VectorOp:32
	vec3 n_out32p0;
	n_out32p0 = pow( vec3(n_out35p0) , n_out36p0 );

// VectorDecompose:24
	float n_out24p0;
	float n_out24p1;
	float n_out24p2;
	n_out24p0 = n_out32p0.x;
	n_out24p1 = n_out32p0.y;
	n_out24p2 = n_out32p0.z;

// ScalarOp:44
	float n_in44p0 = 1.00000;
	float n_in44p1 = 1.00000;
	float n_out44p0;
	n_out44p0 = n_in44p0 / n_in44p1;

// ScalarOp:42
	float n_out42p0;
	n_out42p0 = pow( n_out24p0 , n_out44p0 );

// Scalar:29
	float n_out29p0;
	n_out29p0 = 1.000000;

// ScalarUniform:25
	float n_out25p0;
	n_out25p0 = contrast;

// ScalarUniform:54
	float n_out54p0;
	n_out54p0 = contrast2;

// ScalarOp:26
	float n_out26p0;
	n_out26p0 = n_out25p0 + n_out54p0;

// ScalarUniform:7
	float n_out7p0;
	n_out7p0 = subdivs;

// ScalarOp:8
	float n_in8p1 = 0.00000;
	float n_out8p0;
	n_out8p0 = n_out7p0 + n_in8p1;

// VectorOp:12
	vec3 n_out12p0;
	n_out12p0 = n_out32p0 * vec3(n_out8p0);

// VectorFunc:13
	vec3 n_out13p0;
	n_out13p0=fract(n_out12p0);

// ScalarOp:18
	float n_in18p0 = 0.00000;
	float n_in18p1 = 0.50000;
	float n_out18p0;
	n_out18p0 = n_in18p0 + n_in18p1;

// VectorOp:10
	vec3 n_out10p0;
	n_out10p0 = n_out13p0 - vec3(n_out18p0);

// VectorFunc:27
	vec3 n_out27p0;
	n_out27p0=abs(n_out10p0);

// ScalarSmoothStep:53
	float n_out53p0;
	n_out53p0 = smoothstep( n_out25p0, n_out26p0, dot(n_out27p0,vec3(0.333333,0.333333,0.333333)) );

// ScalarOp:63
	float n_in63p1 = 0.20000;
	float n_out63p0;
	n_out63p0 = n_out54p0 * n_in63p1;

// ScalarOp:60
	float n_in60p1 = 0.00000;
	float n_out60p0;
	n_out60p0 = n_out63p0 + n_in60p1;

// ScalarOp:61
	float n_in61p0 = 0.00000;
	float n_out61p0;
	n_out61p0 = n_in61p0 + n_out60p0;

// Input:46
	vec3 n_out46p0;
	n_out46p0 = vec3(UV,0.0);

// VectorDecompose:47
	float n_out47p0;
	float n_out47p1;
	float n_out47p2;
	n_out47p0 = n_out46p0.x;
	n_out47p1 = n_out46p0.y;
	n_out47p2 = n_out46p0.z;

// ScalarSmoothStep:45
	float n_in45p0 = 0.00000;
	float n_out45p0;
	n_out45p0 = smoothstep( n_in45p0, n_out61p0, n_out47p1 );

// ScalarOp:62
	float n_in62p0 = 1.00000;
	float n_out62p0;
	n_out62p0 = n_in62p0 - n_out60p0;

// ScalarSmoothStep:48
	float n_in48p0 = 1.00000;
	float n_out48p0;
	n_out48p0 = smoothstep( n_in48p0, n_out62p0, n_out47p1 );

// ScalarOp:49
	float n_out49p0;
	n_out49p0 = n_out45p0 * n_out48p0;

// ScalarMix:52
	float n_in52p0 = 1.00000;
	float n_out52p0;
	n_out52p0 = mix( n_in52p0 , n_out53p0 , n_out49p0 );

// VectorOp:28
	vec3 n_out28p0;
	n_out28p0 = vec3(n_out29p0) - vec3(n_out52p0);

// VectorDecompose:16
	float n_out16p0;
	float n_out16p1;
	float n_out16p2;
	n_out16p0 = n_out28p0.x;
	n_out16p1 = n_out28p0.y;
	n_out16p2 = n_out28p0.z;

// ScalarFunc:19
	float n_out19p0;
	n_out19p0 = min(max(n_out16p0,0.0),1.0);

// ScalarMix:39
	float n_in39p0 = 0.00000;
	float n_out39p0;
	n_out39p0 = mix( n_in39p0 , n_out42p0 , n_out19p0 );

// ScalarUniform:58
	float n_out58p0;
	n_out58p0 = reveal;

// ScalarUniform:59
	float n_out59p0;
	n_out59p0 = reveal2;

// ScalarOp:57
	float n_out57p0;
	n_out57p0 = n_out58p0 + n_out59p0;

// ScalarSmoothStep:56
	float n_out56p0;
	n_out56p0 = smoothstep( n_out58p0, n_out57p0, n_out47p1 );

// ScalarOp:55
	float n_out55p0;
	n_out55p0 = n_out56p0 * n_out49p0;

// Output:0
	COLOR.rgb = vec3(n_out39p0);
	COLOR.a = n_out55p0;

}

void light() {
// Output:0

}
"
graph_offset = Vector2( 1241, -361 )
mode = 1
flags/light_only = false
nodes/fragment/0/position = Vector2( 2620, 60 )
nodes/fragment/2/node = SubResource( 9 )
nodes/fragment/2/position = Vector2( -600, -40 )
nodes/fragment/7/node = SubResource( 54 )
nodes/fragment/7/position = Vector2( -380, 520 )
nodes/fragment/8/node = SubResource( 55 )
nodes/fragment/8/position = Vector2( -140, 500 )
nodes/fragment/9/node = SubResource( 56 )
nodes/fragment/9/position = Vector2( -380, 580 )
nodes/fragment/10/node = SubResource( 1 )
nodes/fragment/10/position = Vector2( 560, 180 )
nodes/fragment/11/node = SubResource( 2 )
nodes/fragment/11/position = Vector2( 340, 560 )
nodes/fragment/12/node = SubResource( 3 )
nodes/fragment/12/position = Vector2( 160, 160 )
nodes/fragment/13/node = SubResource( 4 )
nodes/fragment/13/position = Vector2( 340, 180 )
nodes/fragment/15/node = SubResource( 5 )
nodes/fragment/15/position = Vector2( 680, 520 )
nodes/fragment/16/node = SubResource( 6 )
nodes/fragment/16/position = Vector2( 1820, 140 )
nodes/fragment/18/node = SubResource( 7 )
nodes/fragment/18/position = Vector2( 300, 420 )
nodes/fragment/19/node = SubResource( 8 )
nodes/fragment/19/position = Vector2( 2040, 140 )
nodes/fragment/20/node = SubResource( 10 )
nodes/fragment/20/position = Vector2( 221, 39 )
nodes/fragment/21/node = SubResource( 11 )
nodes/fragment/21/position = Vector2( 33, 16 )
nodes/fragment/22/node = SubResource( 12 )
nodes/fragment/22/position = Vector2( 560, 0 )
nodes/fragment/23/node = SubResource( 13 )
nodes/fragment/23/position = Vector2( 340, -20 )
nodes/fragment/24/node = SubResource( 14 )
nodes/fragment/24/position = Vector2( 880, -40 )
nodes/fragment/25/node = SubResource( 15 )
nodes/fragment/25/position = Vector2( 600, 420 )
nodes/fragment/26/node = SubResource( 16 )
nodes/fragment/26/position = Vector2( 760, 240 )
nodes/fragment/27/node = SubResource( 17 )
nodes/fragment/27/position = Vector2( 740, 100 )
nodes/fragment/28/node = SubResource( 18 )
nodes/fragment/28/position = Vector2( 1620, 120 )
nodes/fragment/29/node = SubResource( 19 )
nodes/fragment/29/position = Vector2( 1040, 100 )
nodes/fragment/31/node = SubResource( 20 )
nodes/fragment/31/position = Vector2( 1060, 340 )
nodes/fragment/32/node = SubResource( 21 )
nodes/fragment/32/position = Vector2( -140, 180 )
nodes/fragment/34/node = SubResource( 22 )
nodes/fragment/34/position = Vector2( -960, 380 )
nodes/fragment/35/node = SubResource( 23 )
nodes/fragment/35/position = Vector2( -420, 140 )
nodes/fragment/36/node = SubResource( 24 )
nodes/fragment/36/position = Vector2( -640, 420 )
nodes/fragment/37/node = SubResource( 25 )
nodes/fragment/37/position = Vector2( -1020, 260 )
nodes/fragment/38/node = SubResource( 26 )
nodes/fragment/38/position = Vector2( -1060, -20 )
nodes/fragment/39/node = SubResource( 27 )
nodes/fragment/39/position = Vector2( 2280, 60 )
nodes/fragment/41/node = SubResource( 28 )
nodes/fragment/41/position = Vector2( 651, 613 )
nodes/fragment/42/node = SubResource( 29 )
nodes/fragment/42/position = Vector2( 1332, -39 )
nodes/fragment/43/node = SubResource( 30 )
nodes/fragment/43/position = Vector2( 920, 620 )
nodes/fragment/44/node = SubResource( 31 )
nodes/fragment/44/position = Vector2( 1140, -180 )
nodes/fragment/45/node = SubResource( 32 )
nodes/fragment/45/position = Vector2( 1700, -340 )
nodes/fragment/46/node = SubResource( 33 )
nodes/fragment/46/position = Vector2( 620, -360 )
nodes/fragment/47/node = SubResource( 34 )
nodes/fragment/47/position = Vector2( 840, -360 )
nodes/fragment/48/node = SubResource( 35 )
nodes/fragment/48/position = Vector2( 1680, -200 )
nodes/fragment/49/node = SubResource( 36 )
nodes/fragment/49/position = Vector2( 2000, -160 )
nodes/fragment/50/node = SubResource( 37 )
nodes/fragment/50/position = Vector2( 1320, -400 )
nodes/fragment/52/node = SubResource( 38 )
nodes/fragment/52/position = Vector2( 1360, 180 )
nodes/fragment/53/node = SubResource( 39 )
nodes/fragment/53/position = Vector2( 1040, 200 )
nodes/fragment/54/node = SubResource( 40 )
nodes/fragment/54/position = Vector2( 780, 480 )
nodes/fragment/55/node = SubResource( 41 )
nodes/fragment/55/position = Vector2( 2380, -180 )
nodes/fragment/56/node = SubResource( 42 )
nodes/fragment/56/position = Vector2( 2240, -380 )
nodes/fragment/57/node = SubResource( 43 )
nodes/fragment/57/position = Vector2( 1980, -420 )
nodes/fragment/58/node = SubResource( 44 )
nodes/fragment/58/position = Vector2( 1740, -640 )
nodes/fragment/59/node = SubResource( 45 )
nodes/fragment/59/position = Vector2( 1800, -500 )
nodes/fragment/60/node = SubResource( 46 )
nodes/fragment/60/position = Vector2( 1200, -560 )
nodes/fragment/61/node = SubResource( 47 )
nodes/fragment/61/position = Vector2( 1520, -660 )
nodes/fragment/62/node = SubResource( 48 )
nodes/fragment/62/position = Vector2( 1520, -520 )
nodes/fragment/63/node = SubResource( 49 )
nodes/fragment/63/position = Vector2( 920, -557.5 )
nodes/fragment/64/node = SubResource( 50 )
nodes/fragment/64/position = Vector2( -760, 160 )
nodes/fragment/65/node = SubResource( 51 )
nodes/fragment/65/position = Vector2( -1740, -60 )
nodes/fragment/66/node = SubResource( 52 )
nodes/fragment/66/position = Vector2( -1438, -64 )
nodes/fragment/67/node = SubResource( 53 )
nodes/fragment/67/position = Vector2( -1420, 120 )
nodes/fragment/connections = PoolIntArray( 8, 0, 12, 1, 16, 0, 19, 0, 21, 0, 20, 0, 20, 0, 22, 0, 23, 0, 22, 1, 25, 0, 26, 0, 7, 0, 8, 0, 13, 0, 10, 0, 18, 0, 10, 1, 29, 0, 28, 0, 28, 0, 16, 0, 27, 0, 31, 0, 26, 0, 31, 1, 37, 0, 36, 0, 34, 0, 36, 1, 2, 0, 35, 0, 12, 0, 13, 0, 35, 0, 32, 0, 32, 0, 12, 0, 19, 0, 39, 2, 32, 0, 24, 0, 39, 0, 0, 0, 36, 0, 41, 0, 36, 0, 32, 1, 35, 1, 38, 2, 24, 0, 42, 0, 41, 0, 43, 0, 44, 0, 42, 1, 46, 0, 47, 0, 47, 1, 45, 2, 45, 0, 49, 0, 48, 0, 49, 1, 47, 1, 48, 2, 47, 0, 50, 2, 10, 0, 27, 0, 49, 0, 52, 2, 27, 0, 53, 2, 53, 0, 52, 1, 54, 0, 43, 1, 25, 0, 53, 0, 54, 0, 26, 1, 26, 0, 53, 1, 57, 0, 56, 1, 59, 0, 57, 1, 58, 0, 57, 0, 58, 0, 56, 0, 56, 0, 55, 0, 49, 0, 55, 1, 55, 0, 0, 1, 47, 1, 56, 2, 42, 0, 39, 1, 52, 0, 28, 1, 60, 0, 62, 1, 60, 0, 61, 1, 61, 0, 45, 1, 62, 0, 48, 1, 54, 0, 63, 0, 63, 0, 60, 0, 38, 0, 64, 2, 65, 0, 66, 1, 66, 0, 38, 0, 65, 0, 67, 1, 67, 0, 38, 1, 64, 0, 36, 2 )

[sub_resource type="ShaderMaterial" id=58]
shader = SubResource( 57 )
shader_param/straight_border = 0.0
shader_param/contrast = 0.234
shader_param/contrast2 = 0.078
shader_param/subdivs = 32.0
shader_param/reveal = -0.085
shader_param/reveal2 = 0.027

[sub_resource type="QuadMesh" id=59]

[node name="Node2D" type="Node2D"]

[node name="gradient_d" type="Sprite" parent="."]
position = Vector2( -1.43195, -1.43195 )
texture = ExtResource( 1 )
__meta__ = {
"_edit_lock_": true
}

[node name="MeshInstance2D" type="MeshInstance2D" parent="."]
material = SubResource( 58 )
position = Vector2( 0, -12.56 )
scale = Vector2( 1643, -235.729 )
mesh = SubResource( 59 )

[node name="Camera2D" type="Camera2D" parent="."]
current = true
script = ExtResource( 3 )
speed = Vector2( 5, 5 )

[node name="bindings" parent="." instance=ExtResource( 2 )]
